@misc{david1969convention,
  title={Convention: a philosophical study},
  author={David, Lewis},
  year={1969},
  publisher={Cambridge, Harvard university press}
}

@incollection{franke2014pragmatic,
  title={Pragmatic back-and-forth reasoning},
  author={Franke, Michael and J{\"a}ger, Gerhard},
  booktitle={Pragmatics, Semantics and the Case of Scalar Implicatures},
  pages={170--200},
  year={2014},
  publisher={Springer}
}

@book{franke2009signal,
  title={Signal to act: Game theory in pragmatics},
  author={Franke, Michael and others},
  year={2009},
  publisher={Institute for Logic, Language and Computation}
}

@article{franke2013game,
  title={Game theoretic pragmatics},
  author={Franke, Michael},
  journal={Philosophy Compass},
  volume={8},
  number={3},
  pages={269--284},
  year={2013},
  publisher={Wiley Online Library}
}


